@book{Scherer_2020,
  place={Cham},
  title={Mathematics of quantum computing: An introduction},
  publisher={Springer International Publishing AG},
  author={Scherer, Wolfgang},
  year={2020}
}
